<collection xmlns="http://www.loc.gov/MARC21/slim">
<record>
  <leader>01812nam0a22003131i 450 </leader>
  <controlfield tag="001">IT\ICCU\CNCE\069381</controlfield>
  <controlfield tag="005">20131119000000.0</controlfield>
  <datafield tag="012" ind1=" " ind2=" ">
    <subfield code="a">o.ri e.e. m.++ seLe (3) 1588 (R)</subfield>
    <subfield code="2">fei</subfield>
  </datafield>
  <datafield tag="100" ind1=" " ind2=" ">
    <subfield code="a">20070108d1588        0itac0103    ba</subfield>
  </datafield>
  <datafield tag="101" ind1=" " ind2=" ">
    <subfield code="a">LAT</subfield>
  </datafield>
  <datafield tag="102" ind1=" " ind2=" ">
    <subfield code="a">IT</subfield>
  </datafield>
  <datafield tag="200" ind1="1" ind2=" ">
    <subfield code="a">℗Aelii Antonii Nebrissensis, ℗Grammaticae opus absolutissimum. Diuisum in libros V. Cum multis praeterea opusculis elegantissimis. Accesserunt Lucii Christophori Scobaris viri doctissimi elucubrationes quaedam luculentissimae: omniaque nuper diligentius, quam hactenus uspiam fuerint emendata</subfield>
  </datafield>
  <datafield tag="210" ind1=" " ind2=" ">
    <subfield code="a">Venetiis</subfield>
    <subfield code="c">apud Iacobum Cornettum</subfield>
    <subfield code="d">1588</subfield>
    <subfield code="e">Venetiis</subfield>
    <subfield code="g">apud Iacobum Cornettum</subfield>
    <subfield code="h">1588</subfield>
  </datafield>
  <datafield tag="215" ind1=" " ind2=" ">
    <subfield code="a">119, \1! c.</subfield>
    <subfield code="d">8ʻ</subfield>
  </datafield>
  <datafield tag="620" ind1=" " ind2=" ">
    <subfield code="a">IT</subfield>
    <subfield code="d">Venezia</subfield>
  </datafield>
  <datafield tag="700" ind1=" " ind2="1">
    <subfield code="a">Nebrija,</subfield>
    <subfield code="b">Antonio : de</subfield>
    <subfield code="3">IT\ICCU\CNCA\007162</subfield>
  </datafield>
  <datafield tag="702" ind1=" " ind2="1">
    <subfield code="a">Escobar,</subfield>
    <subfield code="b">Cristobal : de</subfield>
    <subfield code="3">IT\ICCU\CNCA\008969</subfield>
  </datafield>
  <datafield tag="712" ind1="0" ind2="0">
    <subfield code="a">Cornetti, Giacomo</subfield>
    <subfield code="3">IT\ICCU\CNCT\000119</subfield>
    <subfield code="4">650</subfield>
  </datafield>
  <datafield tag="790" ind1=" " ind2="0">
    <subfield code="a">Antonius</subfield>
    <subfield code="c"> : Nebrissensis</subfield>
    <subfield code="3">IT\ICCU\CNCA\007622</subfield>
    <subfield code="z">Nebrija, Antonio : de</subfield>
  </datafield>
  <datafield tag="790" ind1=" " ind2="0">
    <subfield code="a">Aelius Antonius</subfield>
    <subfield code="c"> : Nebrissensis</subfield>
    <subfield code="3">IT\ICCU\CNCA\012524</subfield>
    <subfield code="z">Nebrija, Antonio : de</subfield>
  </datafield>
  <datafield tag="790" ind1=" " ind2="1">
    <subfield code="a">Lebrija,</subfield>
    <subfield code="b">Antonio</subfield>
    <subfield code="3">IT\ICCU\CNCA\014492</subfield>
    <subfield code="z">Nebrija, Antonio : de</subfield>
  </datafield>
  <datafield tag="790" ind1=" " ind2="1">
    <subfield code="a">Scobar,</subfield>
    <subfield code="b">Christophorus</subfield>
    <subfield code="3">IT\ICCU\CNCA\015209</subfield>
    <subfield code="z">Escobar, Cristobal : de</subfield>
  </datafield>
  <datafield tag="791" ind1="0" ind2="0">
    <subfield code="a">Cornetti, Iacomo</subfield>
    <subfield code="3">IT\ICCU\CNCT\004676</subfield>
    <subfield code="z">Cornetti, Giacomo</subfield>
  </datafield>
  <datafield tag="791" ind1="0" ind2="0">
    <subfield code="a">Cornettus, Iacobus</subfield>
    <subfield code="3">IT\ICCU\CNCT\004677</subfield>
    <subfield code="z">Cornetti, Giacomo</subfield>
  </datafield>
  <datafield tag="801" ind1=" " ind2="3">
    <subfield code="a">IT</subfield>
    <subfield code="b">ICCU</subfield>
    <subfield code="c">20201115</subfield>
  </datafield>
  <datafield tag="899" ind1=" " ind2=" ">
    <subfield code="a">Biblioteca Oliveriana. Pesaro</subfield>
    <subfield code="1">PU0061</subfield>
    <subfield code="2">URB OL</subfield>
  </datafield>
  <datafield tag="899" ind1=" " ind2=" ">
    <subfield code="a">Biblioteca dell&apos;Accademia nazionale dei Lincei e Corsiniana. Roma</subfield>
    <subfield code="1">RM0418</subfield>
    <subfield code="2">RML 10</subfield>
  </datafield>
  <datafield tag="911" ind1=" " ind2=" ">
    <subfield code="a">Sul front.</subfield>
    <subfield code="9">IT\ICCU\CNCM\000942</subfield>
  </datafield>
  <datafield tag="921" ind1=" " ind2=" ">
    <subfield code="a">IT\ICCU\CNCM\000942</subfield>
    <subfield code="b">Due cornacchie su un piedistallo ai lati di uno scettro. In cornice.</subfield>
    <subfield code="e">Concordia res parvae crescunt</subfield>
    <subfield code="c">U46</subfield>
    <subfield code="d">Dimensioni: 3,2 x 4</subfield>
    <subfield code="f">CONCORDIAR</subfield>
    <subfield code="f">CORNACCHIE</subfield>
    <subfield code="g">1586-1592</subfield>
  </datafield>
</record>
</collection>
